@book{Brockwell,
  author    = {Brockwell, P. J., & Davis, R. A.},
  year      = 2002,
  title     = {Introduction to time series and forecasting},
  edition   = 2,
  publisher = {Springer},
  adress    = {New York}
}